@article{adams2006,
  title={Estimated timber harvest by US region and ownership, 1950-2002},
  author={Adams, Darius Mainard},
  journal={Gen. Tech. Rep. PNW-659. Portland, OR: U.S. Department of Agriculture, Forest Service, Pacific Northwest Research Station.},
  year={2006},
}


@article{anderson2013,
  title={Regional and forest-level estimates of carbon stored in harvested wood products from the United States Forest Service Northern Region, 1906-2010},
  author={Anderson, Nathaniel and Young, Jesse and Stockmann, Keith D. and Skog, Kenneth and Healey, Sean and Loeffler, Daniel R. and Jones, J. Greg and Morrison, James},
  journal={Gen. Tech. Rep. RMRS-GTR-311. Fort Collins, CO: US Department of Agriculture, Forest Service, Rocky Mountain Research Station.},
  year={2013},
  pages={114 pp.}
}

@article{barlaz1998,
  title={Carbon storage during biodegradation of municipal solid waste components in laboratory-scale landfills},
  author={Barlaz, Morton A.},
  journal={Global biogeochemical cycles},
  volume={12},
  number={2},
  pages={373--380},
  year={1998},
  publisher={Wiley Online Library}
}

@book{barrette1970,
  title={California timber industries, 1968: mill characteristics and wood supply},
  author={Barrette, Brian R. and Gedney, Donald R. and Oswald, Daniel D.},
  year={1970},
  publisher={Division of Forestry, State of California}
}

@book{bolsinger1976,
  title={Timber Resources of Northern Interior California, 1970},
  author={Bolsinger, Charles L.},
  volume={65},
  year={1976},
  publisher={US Department of Agriculture, Forest Service, Pacific Northwest Forest and Range Experimental Station, US.}
}

@book{buendia2019,
  year={2019},
  editor={Buendia, Calvo E. and Tanabe, Kiyoto and Kranjc, Andrej and Baasansuren, Jamsranjav and Fukuda, Maya and Ngarize Sekai and Osako, A. and Pyrozhenko, Yurii and Shermanau, P. and Federici, Sandro },
  title={2019 Refinement to the 2006 IPCC Guidelines for National Greenhouse Gas Inventories, Volume 4: Agriculture, Forestry, and Other Land Use.},
  booktitle={2019 Refinement to the 2006 IPCC Guidelines for National Greenhouse Gas Inventories, Volume 4: Agriculture, Forestry, and Other Land Use.},
  publisher={IPCC},
  address={Switzerland}
}


@article{butler2014nw,
  title={Estimates of carbon stored in harvested wood products from United States Forest Service Pacific Northwest Region, 1909-2012},
  author={Butler, Edward and Stockmann, Keith D. and Anderson, Nathaniel and Skog, Ken and Healey, Sean and Loeffler, Daniel R. and Jones, J Greg and Morrison, James and Young, Jesse},
  journal={Unpublished report. Missoula, MT: US Department of Agriculture, Forest Service, Rocky Mountain Research Station, Forestry Sciences Laboratory. 28 p.},
  year={2014},
  url = {https://www.fs.usda.gov/rmrs/publications/estimates-carbon-stored-harvested-wood-products-united-states-forest-service-pacific}
}


@article{butler2014sw,
  title={Estimates of carbon stored in harvested wood products from United States Forest Service Southwestern Region, 1909-2012},
  author={Butler, Edward and Stockmann, Keith D. and Anderson, Nathaniel and Young, Jesse and Skog, Ken and Healey, Sean and Loeffler, Daniel R. and Jones, J Greg and Morrison, James},
  journal={Unpublished report. Missoula, MT: US Department of Agriculture, Forest Service, Rocky Mountain Research Station, Forestry Sciences Laboratory. 27 p.},
  year={2014}
}




@report{christensen2020,
author = {Christensen, Glenn A. and Gray, Andrew N. and Kuegler, Olaf and Tase, Nadia A. and Rosenberg, Mark},
title = {AB 1504 California forest ecosystem and harvested wood product carbon inventory: 2018 reporting period},
institution = {California Department of Forestry and Fire Protection},
year = {2020}
}

@article{christensen2021,
  title={AB 1504 California forest ecosystem and harvested wood product carbon inventory: 2019 reporting period},
  author={Christensen, Glenn A. and Gray, Andrew N. and Kuegler, Olaf and Tase, Nadia A. and Rosenberg, Mark},
  institution = {California Department of Forestry and Fire Protection},
  year = {2021}
}



@book{eggleston2006,
  year={2006},
  editor={Eggleston, H. Simon. and Buendia, L. and Miwa, Kyoko and Ngara, Todd and Tanabe, Kiyoto},
  title={2006 IPCC Guidelines for National Greenhouse Gas Inventories},
  booktitle={2006 IPCC Guidelines for National Greenhouse Gas Inventories},
  publisher={IGES},
  address={Japan}
}


@article{eleazer1997,
  title={Biodegradability of municipal solid waste components in laboratory-scale landfills},
  author={Eleazer, William E. and Odle, William S. and Wang, Yu-Sheng and Barlaz, Morton A.},
  journal={Environmental Science \& Technology},
  volume={31},
  number={3},
  pages={911--917},
  year={1997},
  publisher={ACS Publications}
}

@article{epa2006,
  title={Municipal solid waste in the United States: 2000 facts and figures},
  author={{US EPA}},
  journal={EPA530-R-06-011. Office of Solid Waste and Emergency Response (5306P), Washington D.C.},
  year={2006}
}


@article{freed2004,
  title={Open-dump and landfill timeline spreadsheet. Unpublished},
  author={Freed, R},
  institution={ICF Consulting, Washington, D.C.},
  year={2004}
}

@article{freed2003,
  title={Memorandum: Revised Input Data for WOODCARB.},
  author={Freed, R and Mintz, C},
  institution={ICF Consulting, Washington, D.C.},
  year={2003}
}

@book{hiserote1978,
  title={California's forest industry, 1976},
  author={Hiserote, Bruce A. and Howard, James O.},
  number={80},
  year={1978},
  publisher={Department of Agriculture, Forest Service, Pacific Northwest Forest and Range Experimental Station, US.}
}

@techreport{howard1974,
  title={California forest industry: wood consumption and characteristics, 1972. Forest service resource bulletin},
  author={Howard, James O.},
  year={1974},
  institution={Forest Service, Portland, OR (USA). Pacific Northwest Forest and Range Experimental Station, US.}
}

@book{ipcc2014,  % The book itself
    year      = {2014},                                     % Unique for book
    editor    = {Hiraishi, Taka and Krug, Thema and Tanabe, Kiyoto and Srivastava, Nalin and Baasansuren, Jamsranjav and Fukuda, Maya and Troxler, Tiffany},
    booktitle = {2013 Revised Supplementary Methods and Good Practice Guidance Arising from the Kyoto Protocol},
    author    = {IPCC},
    publisher = {IPCC, Switzerland},              % Unique for book
    address   = {Switzerland: Intergovernmental Panel on Climate Change},
    pages     = {268},
    url       = {http://www.ipcc-nggip.iges.or.jp/public/kpsg/pdf/KP_Supplement_Entire_Report.pdf}
}


@article{keegan2010,
  title={Trends in lumber processing in the Western United States. Part I: Board foot Scribner volume per cubic foot of timber},
  author={Keegan, Charles E. III and Morgan, Todd A. and Blatner, Keith A. and Daniels, Jean M.},
  journal={Forest Products Journal},
  volume={60},
  number={2},
  pages={133--139},
  year={2010},
  publisher={Forest Products Society}
}


@article{loeffler2014sr,          % Original
  title={Estimates of carbon stored in harvested wood products from United States Forest Service Southern Region, 1911-2012},
  author={ Loeffler, Daniel R. and Anderson, Nathaniel and Stockmann, Keith D. and Skog, Ken and Healey, Sean and Jones, J. Greg and Morrison, James and Young, Jesse},
  journal={Unpublished report. Missoula, MT: US Department of Agriculture, Forest Service, Rocky Mountain Research Station, Forestry Sciences Laboratory. 27 p.},
  year={2014},
  url = {https://www.fs.usda.gov/rmrs/publications/estimates-carbon-stored-harvested-wood-products-united-states-forest-service-pacific}
}

@article{loeffler2014er,
  title={Estimates of carbon stored in harvested wood products from United States Forest Service Eastern Region, 1911-2012},
  author={Loeffler, Daniel R. and Anderson, Nathaniel and Stockmann, Keith D. and Skog, Ken and Healey, Sean and Jones, J Greg and Morrison, James and Young, Jesse},
  journal={Unpublished report. Missoula, MT: US Department of Agriculture, Forest Service, Rocky Mountain Research Station, Forestry Sciences Laboratory. 27 p.},
  year={2014}
}


@incollection{lucey202X,  % A chapter in a book
    title     = {Chapter 3: Harvested Wood Product Model Synthesis.},
    author    = {Lucey, Taylor and Tase, Nadia A. and Prakash, N. and Bergman, R. and Nichols, D. and Gray, Andrew N. and Poonam, K. and Sahoo, K.},                       % Unique for book
    pages     = {xxx--xxx},                                 % Unique for book
    crossref  = {gray202X}                      % Crossref
}

@book{gray202X,  % The book itself
    year      = {In review},                                     % Unique for book
    editor    = {Gray, Andrew N. and Lucey, Taylor},
    title     = {Management and Policy Effects on Forest Sector Carbon: A Synthesis of Model Approaches to Guide Projections on the West Coast},
    booktitle = {Management and Policy Effects on Forest Sector Carbon: A Synthesis of Model Approaches to Guide Projections on the West Coast.  General Technical Report PNW-GTR-xxx},
    author    = {Gray, Andrew N. and Lucey, Taylor},
    publisher = {USDA Forest Service Pacific Northwest Research Station},              % Unique for book
    address   = {Portland, OR}
}


@incollection{loeffler2019,  % A chapter in a book
    title     = {Harvested wood products carbon chapters 5 and 6},               % Unique for book
    author    = { Loeffler, Daniel R. and Anderson, Nathaniel and Stockmann, Keith D. and Morgan, Todd A. and Tase, Nadia A.},                       % Unique for book
    pages     = {102--137},                                 % Unique for book
    crossref  = {christensen2019}                      % Crossref
}

@book{christensen2019,  % The book itself
    year      = {2019},                                     % Unique for book
    %editor    = {Christensen, Glenn A. and Gray, Andrew N. and Kuegler, Olaf and Tase, Nadia A. and Rosenberg, Mark and  Loeffler, Daniel R. and Anderson, Nathaniel and Stockmann, Keith D. and Morgan, Todd A. },
    title     = {AB 1504 California Forest Ecosystem and Harvested Wood Product Carbon Inventory: 2017 Reporting Period. Final Report. }, % Redundant for book
    booktitle = {AB 1504 California Forest Ecosystem and Harvested Wood Product Carbon Inventory: 2017 Reporting Period. Final Report. }, % Redundant for book
    author    = {Christensen, Glenn A. and Gray, Andrew N. and Kuegler, Olaf and Tase, Nadia A. and Rosenberg, Mark and  Loeffler, Daniel R. and Anderson, Nathaniel and Stockmann, Keith D. and Morgan, Todd A.},            % Unique for book
    publisher = {U.S. Forest Service agreement no. 18-CO-11052021-214, 17-CO-11261979-086, California Department of Forestry and Fire Protection agreement no. 8CA04056 and 8CA03714 and the University of Montana.},              % Unique for book
    address   = {Sacramento, CA: California Department of Forestry and Fire Protection and California Board of Forestry and Fire Protection.},                   % Unique for book
    url       = {https://bof.fire.ca.gov/media/8026/4-final_1504_forest_ecosys_hwp_c_2017_13feb19_full.pdf}
}

@article{marcille2020,
  title={California’s forest products industry and timber harvest, 2016},
  author={Marcille, Kate C. and Morgan, Todd A. and McIver, Chelsea P. and Christensen, Glenn A.},
  journal={Gen. Tech. Rep. PNW-GTR-994. Portland, OR: US Department of Agriculture, Forest Service, Pacific Northwest Research Station. 58 p.},
  volume={994},
  year={2020}
}

@article{mciver2015,
  title={California's forest products industry and timber harvest, 2012},
  author={McIver, Chelsea P. and Meek, Joshua P. and Scudder, Micah G. and Sorenson, Colin B and Morgan, Todd A. and Christensen, Glenn A.},
  journal={Gen. Tech. Rep. PNW-GTR-908. Portland, OR: US Department of Agriculture, Forest Service, Pacific Northwest Research Station. 49 p.},
  volume={908},
  year={2015}
}

@article{mckeever2009,
  title={Estimated annual timber products consumption in major end uses in the United States, 1950-2006},
  author={McKeever, David B.},
  journal={General technical report FPL-GTR-181},
  volume={181},
  pages={1--47},
  year={2009}
}

@article{mckeever2011,
  title={Solid wood timber products consumption in major end uses in the United States, 1950-2009: a technical document supporting the Forest Service 2010 RPA assessment},
  author={McKeever, David B. and Howard, James L.},
  journal={General technical report FPL-GTR-199. Madison, WI: US Dept. of Agriculture, Forest Service, Forest Products Laboratory, 2011: 39 p.},
  volume={199},
  year={2011}
}

@article{melosi1982,
  title={Garbage in the cities: refuse, reform, and the environment, 1880-1980.},
  author={Melosi, Martin V.},
  journal={Texas A \& M Univ. Press, College Station, TX 77843. 1982.},
  year={1982}
}


@book{melosi1999,
  title={The Sanitary City},
  author={Melosi, Martin V.},
  year={1999},
  publisher={Johns Hopkins Univ. Press, Baltimore, MD}
}


@book{morgan2004,
  title={California's forest products industry: A descriptive analysis},
  author={Morgan, Todd A.},
  volume={615},
  year={2004},
  publisher={US Department of Agriculture, Pacific Northwest Research Station}
}

@article{morgan2012,
  title={California’s forest products industry and timber harvest, 2006},
  author={Morgan, Todd A. and Brandt, Jason P. and Songster, Kathleen E. and Keegan, Charles E. and Christensen, Glenn A.},
  journal={Gen. Tech. Rep. PNW-GTR-866. Portland, OR: US Department of Agriculture, Forest Service, Pacific Northwest Research Station. 48 p},
  volume={866},
  year={2012}
}

@article{morgan2021,
  title={Oregon harvested wood products carbon inventory, 1906-2018.},
  author={Morgan, Todd A. and Donahue, Thomas S. and Dillon, Thale and Yost, Andrew and Groom, Jeremiah D.},
  journal={Report completed through Agreement No. 18-CO-11261979-074 between the U.S. Forest Service, Pacific Northwest Research Station and the Oregon Department of Forestry; and Agreement No. 18-CR-11261979-095 between the U.S. Forest Service, Pacific Northwest Research Station and the University of Montana, Bureau of Business and Economic Research.},
  year={2021},
  pages = {56 p.},
  url = {https://www.oregon.gov/odf/forestbenefits/Documents/oregon-harvested-wood-products-carbon-inventory-report.pdf}
}


@article{nichols2020,
  title={Estimated Carbon Stored in Harvested Wood Products in Washington, USA: 1906 – 2018, Draft Report.},
  author={Nichols, Michael C. and Morgan, Todd A. and Christensen, Glenn A. and Tase, Nadia A.},
  journal={Prepared for the Washington Department of Natural Resources. Olympia, Washington.},
  year={2020},
  pages = {30 p.},
  url = {https://www.dnr.wa.gov/publications/em_wa_carbon_121420.pdf}
}


@book{penman2000,
  title={Good practice guidance and uncertainty management in national greenhouse gas inventories: IPCC national greenhouse gas inventories programme},
  author={Penman, James and Kruger, Dina and Galbally, Ian and Hiraishi, Taka and Nyenzi, Buruhani and Emmanul, S. and Buendia, L. and Hoppaus, Robert and Martinsen, Thomas and Meijer, J. and Miwa, Kyoko and Tanabe, Kiyoto (Eds)},
  year={2000},
  publisher={Institute for Global Environmental Strategies, Japan}
}

@incollection{pingoud2006,
  title={Harvested wood products},
  author={Pingoud, Kim and Skog, Kenneth E. and Martino, Daniel L. and Tonosaki, Mario and Xiaoquan, Zhang},
  crossref={eggleston2006}
}

@article{row1996,
  title={Wood carbon flows and storage after timber harvest},
  author={Row, Clark and Phelps, R.B.},
  journal={Forests and global change},
  volume={2},
  pages={27--58},
  year={1996},
  publisher={American Forests Washington, DC}
}

@incollection{ruter2019,
  title={Chapter 12: Harvested wood products},
  author={R{\"u}ter, Sebastian and Matthews, R.W. and Lundblad, Mattias and Sato, Atsushi and Hassan, R.},
  crossref={buendia2019}
}

@article{skog1998,
  title={Carbon cycling through wood products: the role of wood and paper products in carbon sequestration},
  author={Skog, Kenneth E. and Nicholson, Geraldine A.},
  journal={Forest Products Journal},
  volume={48},
  number={7},
  pages={75--83},
  year={1998}
}

@article{skog2008,
  title={Sequestration of carbon in harvested wood products for the United States},
  author={Skog, Kenneth E.},
  journal={Forest products journal. Vol. 58, no. 6 (June 2008): Pages 56-72},
  year={2008}
}

@article{skog2000,
  title={Carbon sequestration in wood and paper products},
  author={Skog, Kenneth E. and Nicholson, Geraldine A.},
  journal={In: Joyce, Linda A.; Birdsey, Richard A., technical editors. 2000. The impact of climate change on America's forests: a technical document supporting the 2000 USDA Forest Service RPA Assessment. Gen. Tech. Rep. RMRS-GTR-59. Fort Collins, CO: US Department of Agriculture, Forest Service, Rocky Mountain Research Station. p. 79-88},
  volume={59},
  year={2000}
}


@article{smith2006,
  title={Methods for calculating forest ecosystem and harvested carbon with standard estimates for forest types of the United States},
  author={Smith, James E. and Heath, Linda S. and Skog, Kenneth E. and Birdsey, Richard A.},
  journal={Gen. Tech. Rep. NE-343. Newtown Square, PA: United States Department of Agriculture, Forest Service, Northeastern Research Station},
  volume={343},
  year={2006}
}

@article{stockmann2012,
  title={Estimates of carbon stored in harvested wood products from the United States forest service northern region, 1906-2010},
  author={Stockmann, Keith D. and Anderson, Nathaniel M. and Skog, Kenneth E. and Healey, Sean P. and Loeffler, Daniel R. and Jones, Greg and Morrison, James F.},
  journal={Carbon Balance and Management},
  volume={7},
  number={1},
  pages={1--16},
  year={2012},
  publisher={BioMed Central}
}

@article{stockmann2014imr,   % Original
  title={Estimates of carbon stored in harvested wood products from United States Forest Service Intermountain Region, 1911-2012},
  author={Stockmann, Keith D. and Anderson, Nathaniel and Young, Jesse and Skog, Ken and Healey, Sean and Loeffler, Daniel R. and Butler, Edward and Jones, J. Greg and Morrison, James},
  journal={Unpublished report. Missoula, MT: US Department of Agriculture, Forest Service, Rocky Mountain Research Station, Forestry Sciences Laboratory. 28 p.},
  year={2014}
}

@article{stockmann2014nr,
  title={Estimates of carbon stored in harvested wood products from United States Forest Service Northern Region, 1906-2012},
  author={Stockmann, Keith D. and Anderson, Nathaniel and Young, Jesse and Skog, Ken and Healey, Sean and Loeffler, Daniel R. and Butler, Edward and Jones, J Greg and Morrison, James},
  journal={Unpublished report. Missoula, MT: US Department of Agriculture, Forest Service, Rocky Mountain Research Station, Forestry Sciences Laboratory. 27 p.},
  year={2014}
}

@article{stockmann2014rmr,
  title={Estimates of carbon stored in harvested wood products from United States Forest Service Rocky Mountain Region, 1906-2012},
  author={Stockmann, Keith D. and Anderson, Nathaniel and Young, Jesse and Skog, Ken and Healey, Sean and Loeffler, Daniel R. and Butler, Edward and Jones, J Greg and Morrison, James},
  journal={Unpublished report. Missoula, MT: US Department of Agriculture, Forest Service, Rocky Mountain Research Station, Forestry Sciences Laboratory. 27 p.},
  year={2014}
}

@article{usepa2020,
  title={Waste Reduction Model (WARM)},
  author={{US EPA}},
  journal={US Environmental Protection Agency, Washington, DC},
  year={2020},
  url = {https://www.epa.gov/warm/versions-waste-reduction-model-warm#15}
}

@book{ward1995,
  title={California's Forest Products Industry, 1992. Res. Bull. PNW-RB-206},
  author={Ward, Franklin R.},
  year={1995},
  publisher={US Department of Agriculture, Forest Service, Pacific Northwest Research Station}
}

@book{ward1997,
  title={California's Forest Products Industry, 1994.  Res. Bull. PNW-RB-217},
  author={Ward, Franklin R.},
  year={1997},
  publisher={US Department of Agriculture, Forest Service, Pacific Northwest Research Station}
}

@book{warren2005,
  title={Production, prices, employment, and trade in Northwest forest industries, all quarters 2003},
  author={Warren, Debra D.},
  year={2005},
  publisher={DIANE Publishing}
}

@book{wickham2021,
  title={Mastering shiny},
  author={Wickham, Hadley},
  year={2021},
  publisher={" O'Reilly Media, Inc."}
}

@Book{xie2015,
  title = {Dynamic Documents with {R} and knitr},
  author = {Yihui Xie},
  publisher = {Chapman and Hall/CRC},
  address = {Boca Raton, Florida},
  year = {2015},
  edition = {2nd},
  note = {ISBN 978-1498716963},
  url = {http://yihui.org/knitr/},
}

